% Spec

@misc{aguilarsyndrome11,
  title   = {The Syndrome Decoding in the Head (SD-in-the-Head) Signature Scheme. Submission to the NIST call for additional post-quantum signatures (2023)},
  author  = {Aguilar-Melchor, C and others},
  version = {1.1}
}

@misc{aguilarsyndrome10,
  title   = {The Syndrome Decoding in the Head (SD-in-the-Head) Signature Scheme. Submission to the NIST call for additional post-quantum signatures (2023)},
  author  = {Aguilar-Melchor, C and others},
  version = {1.0}
}

% Shamir's Secret Sharing
@article{shamir1979share,
  title={How to share a secret},
  author={Shamir, Adi},
  journal={Communications of the ACM},
  volume={22},
  number={11},
  pages={612--613},
  year={1979},
  publisher={ACm New York, NY, USA}
}

% Multiplication using Beaver Triples
@inproceedings{beaver1992efficient,
  title={Efficient multiparty protocols using circuit randomization},
  author={Beaver, Donald},
  booktitle={Advances in Cryptology—CRYPTO’91: Proceedings 11},
  pages={420--432},
  year={1992},
  organization={Springer}
}


% MPC in the Head articles

@inproceedings{baum2020concretely,
  title        = {Concretely-efficient zero-knowledge arguments for arithmetic circuits and their application to lattice-based cryptography},
  author       = {Baum, Carsten and Nof, Ariel},
  booktitle    = {IACR International Conference on Public-Key Cryptography},
  pages        = {495--526},
  year         = {2020},
  organization = {Springer}
}

@inproceedings{ishai2007zero,
  title     = {Zero-knowledge from secure multiparty computation},
  author    = {Ishai, Yuval and Kushilevitz, Eyal and Ostrovsky, Rafail and Sahai, Amit},
  booktitle = {Proceedings of the thirty-ninth annual ACM symposium on Theory of computing},
  pages     = {21--30},
  year      = {2007}
}

% Preprocessing in MPCitH
@inproceedings{katz2018improved,
  title={Improved non-interactive zero knowledge with applications to post-quantum signatures},
  author={Katz, Jonathan and Kolesnikov, Vladimir and Wang, Xiao},
  booktitle={Proceedings of the 2018 ACM SIGSAC Conference on Computer and Communications Security},
  pages={525--537},
  year={2018}
}